@inproceedings{deisenroth2011pilco,
  title={PILCO: A model-based and data-efficient approach to policy search},
  author={Deisenroth, Marc and Rasmussen, Carl E},
  booktitle={Proceedings of the 28th International Conference on machine learning (ICML-11)},
  pages={465--472},
  year={2011}
}

@article{snelson2006sparse,
  title={Sparse Gaussian processes using pseudo-inputs},
  author={Snelson, Ed and Ghahramani, Zoubin},
  year={2006}
}

@article{rasmussen2006gaussian,
  title={Gaussian processes for machine learning},
  author={Rasmussen, Carl Edward},
  year={2006},
  publisher={Citeseer}
}

@inproceedings{candela2003propagation,
  title={Propagation of uncertainty in Bayesian kernel models-application to multiple-step ahead forecasting},
  author={Candela, Joaquin Quinonero and Girard, Agathe and Larsen, Jan and Rasmussen, Carl Edward},
  booktitle={Acoustics, Speech, and Signal Processing, 2003. Proceedings.(ICASSP'03). 2003 IEEE International Conference on},
  volume={2},
  pages={II--701},
  year={2003},
  organization={IEEE}
}

@phdthesis{mch-thesis,
	author = {McHutchon, Andrew},
	title = {Nonlinear Modelling And Control Using Gaussian Processes},
	school = {University of Cambridge},
	year = {2014}
}